% Encoding: UTF-8
@ARTICLE{wei2017,
  author = {魏华祎},
  title = {F{E}{A}{L}{P}y:finite element analysis library in Python  https://github.com/weihuayi/fealpy},
  year = {2017}
}






