@article{young,
  title={An essay on the cohesion of fluids},
  author={Young, Thomas},
  journal={Philosophical transactions of the royal society of London},
  number={95},
  pages={65--87},
  year={1805},
  publisher={The Royal Society London}
}

@article{wenzel,
  title={Resistance of solid surfaces to wetting by water},
  author={Wenzel, Robert N},
  journal={Industrial \& Engineering Chemistry},
  volume={28},
  number={8},
  pages={988--994},
  year={1936},
  publisher={ACS Publications}
}

@article{cassie,
  title={Wettability of porous surfaces},
  author={Cassie, ABD and Baxter, S},
  journal={Transactions of the Faraday society},
  volume={40},
  pages={546--551},
  year={1944},
  publisher={Royal Society of Chemistry}
}

@article{Xu,
  title={An efficient threshold dynamics method for wetting on rough surfaces},
  author={Xu Xianmin , Wang Dong , Wang Xiao Ping},
  journal={Journal of Computational Physics},
  volume={330},
  pages={510-528},
  year={2017},
}


@article{li,
  title={液固表面现象和浸润性发展的介绍与评析},
  author={李英 and 王海 and 刘树勇 },
  journal={物理通报},
  volume={000},
  number={0z2},
  pages={35-40},
  year={2018},
}

@article{qin,
  title={液滴形貌方程的能量描述},
  author={秦剑锋 and 姜礼鑫},
  journal={鲁东大学学报（自然科学版）},
  volume={000},
  number={3},
  pages={232-235},
  year={2011},
}

@article{meng,
  title={神奇的表面浸润},
  author={朱重钦 and 李晖 and 孟胜},
  journal={现代物理知识},
  volume={026},
  number={1},
  pages={45-52},
  year={2014},
}


@phdthesis{wilson,
author = {Wilson, R},
year = {1963},
month = {01},
pages = {},
title = {A Simplicial Algorithm for Concave Programming}
}

@article{han,
author = {Han, S.},
year = {1977},
month = {07},
pages = {297},
title = {A globally convergent method for nonlinear programming},
volume = {22},
journal = {Journal of Optimization Theory and Applications},
doi = {10.1007/BF00932858}
}

@inproceedings{powell,
author = {Powell, M},
year = {1977},
month = {01},
pages = {144-157},
title = {A Fast Algorithm for Nonlinearly Constrained Optimzation Calculations},
volume = {27},
journal = {Numerical Analysis}
}

@article{kraft,
  title={A software package for sequential quadratic programming},
  author={Kraft, Dieter},
  journal={Forschungsbericht- Deutsche Forschungs- und Versuchsanstalt fur Luft- und Raumfahrt},
  year={1988}
}

@article{zhu,
  title={非线性最优化一个可行序列等式约束二次规划算法},
  author={朱志斌 and 张可村 and 简金宝},
  journal={数学学报},
  volume={50},
  number={2},
  pages={281-290},
  year={2007},
}

@book{yun,
  title={运筹学(第四版)},
  author={《运筹学》教材编写组},
  publisher={北京:清华大学出版社},
  year={2012},
}
 
@book{chen,
  title={数学分析上},
  author={陈纪修 and 於崇华 and 金路},
  publisher={ 北京: 高等教育出版社},
  year={2004.},
}

@book{xiao,
  title={水滴在微管中的形态},
  author={肖思},
  publisher={湘潭大学},
  year={2018},
}

@article{fealpy2017,
	title = {FEALPy: Finite Element Analysis Library in Python. https://github.com/weihuayi/fealpy},
	url = {https://github.com/weihuayi/fealpy},
	author = {Wei, Huayi},
    journal = {Xiangtan University},
	year = {2017-2020},
}
